@techreport{
	NHTSA:PreCrashScenarios,
	author={Wassim G. Najm and John D. Smith and Mikio Yanagisawa},
	title={Pre-Crash Scenario Typology for Crash Avoidance Research},
	year={2007},
	institution={U.S. Department of Transportation}
}

@misc{
	CARLAChallenge:Scenarios,
	title={NHTSA-inspired pre-crash scenarios},
	url={https://carlachallenge.org/challenge/nhtsa/},
	author={CARLA}
}

@inproceedings{Dosovitskiy17:CARLA,
	title = {{CARLA}: {An} Open Urban Driving Simulator},
	author = {Alexey Dosovitskiy and German Ros and Felipe Codevilla and Antonio Lopez and Vladlen Koltun},
	booktitle = {Proceedings of the 1st Annual Conference on Robot Learning},
	pages = {1--16},
	year = {2017}
}

@misc{
	CARLA:ScenarioRunner,
	title={Scenario Runner},
	author={CARLA},
	url={https://carla-scenariorunner.readthedocs.io/en/latest/}
}

@misc{
	OpenScenario,
	title={OpenSCENARIO},
	author={VIRES Simulationstechnologie GmbH},
	url={http://www.openscenario.org/}
}

@article{
	DBLP:LearningToSimulate,
	author    = {Nataniel Ruiz and
				Samuel Schulter and
				Manmohan Chandraker},
	title     = {Learning To Simulate},
	journal   = {CoRR},
	volume    = {abs/1810.02513},
	year      = {2018},
	url       = {http://arxiv.org/abs/1810.02513},
	archivePrefix = {arXiv},
	eprint    = {1810.02513},
	timestamp = {Tue, 30 Oct 2018 10:49:09 +0100},
	biburl    = {https://dblp.org/rec/journals/corr/abs-1810-02513.bib},
	bibsource = {dblp computer science bibliography, https://dblp.org}
}

@article{
	DBLP:Meta-Sim,
	author    = {Amlan Kar and
				Aayush Prakash and
				Ming{-}Yu Liu and
				Eric Cameracci and
				Justin Yuan and
				Matt Rusiniak and
				David Acuna and
				Antonio Torralba and
				Sanja Fidler},
	title     = {Meta-Sim: Learning to Generate Synthetic Datasets},
	journal   = {CoRR},
	volume    = {abs/1904.11621},
	year      = {2019},
	url       = {http://arxiv.org/abs/1904.11621},
	archivePrefix = {arXiv},
	eprint    = {1904.11621},
	timestamp = {Sat, 23 May 2020 13:24:49 +0200},
	biburl    = {https://dblp.org/rec/journals/corr/abs-1904-11621.bib},
	bibsource = {dblp computer science bibliography, https://dblp.org}
}

@inproceedings{
	Chen:LearningByCheating,
	author    = {Dian Chen and Brady Zhou and Vladlen Koltun and Philipp Kr\"ahenb\"uhl},
	title     = {Learning by Cheating},
	booktitle = {Conference on Robot Learning (CoRL)},
	year      = {2019},
}

@inproceedings{
	Toromanoff_2020_CVPR,
	author = {Toromanoff, Marin and Wirbel, Emilie and Moutarde, Fabien},
	title = {End-to-End Model-Free Reinforcement Learning for Urban Driving Using Implicit Affordances},
	booktitle = {Proceedings of the IEEE/CVF Conference on Computer Vision and Pattern Recognition (CVPR)},
	month = {June},
	year = {2020}
}

@misc{
	felipecode:coiltraine,
	author={Felipe Codevilla},
	title={COiLTRAiNE: Conditional Imitation Learning Training Framework},
	url={https://github.com/felipecode/coiltraine}
}

@misc{
	OpenSCEN53:online,
	author = {},
	title = {OpenSCENARIO - Home},
	howpublished = {\url{http://www.openscenario.org/}},
	month = {},
	year = {},
	note = {(Accessed on 09/14/2020)}
}

 @article{
	 Xiao2020ActionBasedRL,
	title={Action-Based Representation Learning for Autonomous Driving},
	author={Y. Xiao and Felipe Codevilla and C. Pal and Antonio M. L{\'o}pez},
	journal={ArXiv},
	year={2020},
	volume={abs/2008.09417}
}

@misc{
	ActionBasedRL:github,
	title={GitHub: Action-Based Representation Learning for Autonomous Driving},
	author={Y. Xiao},
	url={https://github.com/yixiao1/Action-Based-Representation-Learning}
}

@misc{
	CARLA:DataCollector,
	title={Carla Data Collector},
	author={CARLA},
	url={https://github.com/carla-simulator/data-collector}
}

@article{Codevilla:OnOfflineEvaluation,
  author    = {Felipe Codevilla and
			   Antonio M. L{\'{o}}pez and
			   Vladlen Koltun and
			   Alexey Dosovitskiy},
  title     = {On Offline Evaluation of Vision-based Driving Models},
  journal   = {CoRR},
  volume    = {abs/1809.04843},
  year      = {2018},
  url       = {http://arxiv.org/abs/1809.04843},
  archivePrefix = {arXiv},
  eprint    = {1809.04843},
  timestamp = {Fri, 28 Aug 2020 10:33:30 +0200},
  biburl    = {https://dblp.org/rec/journals/corr/abs-1809-04843.bib},
  bibsource = {dblp computer science bibliography, https://dblp.org}
}
